@article{name2024paper,
  author          = {author},
  journal         = {journal},
  number          = {1},
  title           = {title},
  volume          = {1},
  year            = {2024}
}